@article{Bouland_sparsity_conseq,
    author = {Bouland, G.A., Mahfouz, A. and Reinders, M.J.T.},
    title = {Consequences and opportunities arising due to sparser single-cell RNA-seq datasets},
    journal = {Genome Biology},
    volume = {24},
    number = {86},
    year = {2023}
}

@INPROCEEDINGS{fm-index,
  author={Ferragina, P. and Manzini, G.},
  booktitle={Proceedings 41st Annual Symposium on Foundations of Computer Science}, 
  title={Opportunistic data structures with applications}, 
  year={2000},
  volume={},
  number={},
  pages={390-398},
  keywords={Data structures;Indexing;Entropy;Costs;Tree data structures;Plugs;Computer science;Fault tolerance;Postal services;Data engineering},
  doi={10.1109/SFCS.2000.892127}}


@article{raceID,
    author = {Grun D and Lyubimova A and Kester L and others},
    title = {Single-cell messenger RNA sequencing reveals rare intestinal cell types},
    journal = {Nature},
    volume = {525},
    pages = {251-255},
    year = {2015},
    doi = {https://doi.org/10.1038/nature14966}
}

@ARTICLE{huffman,
  author={Huffman, David A.},
  journal={Proceedings of the IRE}, 
  title={A Method for the Construction of Minimum-Redundancy Codes}, 
  year={1952},
  volume={40},
  number={9},
  pages={1098-1101},
  keywords={Transmitters},
  doi={10.1109/JRPROC.1952.273898}}


@article{clusters_for_taxonomy1,
    author = {Kim, Ji-Yun and Symeonidi, Efthymia and Pang, Tin Yau and Denyer, Tom and Weidauer, Diana and Bezrutczyk, Margaret and Miras, Manuel and ZÃ¶llner, Nora and Hartwig, Thomas and Wudick, Michael M and Lercher, Martin and Chen, Li-Qing and Timmermans, Marja C P and Frommer, Wolf B},
    title = {Distinct identities of leaf phloem cells revealed by single cell transcriptomics},
    journal = {The Plant Cell},
    volume = {33},
    number = {3},
    pages = {511-530},
    year = {2021},
    month = {01},
    issn = {1040-4651},
    doi = {10.1093/plcell/koaa060},
    url = {https://doi.org/10.1093/plcell/koaa060},
    eprint = {https://academic.oup.com/plcell/article-pdf/33/3/511/37849978/koaa060.pdf},
}

@article{scRNA_overview,
author = {Jovic, Dragomirka and Liang, Xue and Zeng, Hua and Lin, Lin and Xu, Fengping and Luo, Yonglun},
title = {Single-cell RNA sequencing technologies and applications: A brief overview},
journal = {Clinical and Translational Medicine},
volume = {12},
number = {3},
pages = {e694},
keywords = {atlas, big data, precision medicine, regenerative medicine, RNA sequencing, single cell},
doi = {https://doi.org/10.1002/ctm2.694},
url = {https://onlinelibrary.wiley.com/doi/abs/10.1002/ctm2.694},
eprint = {https://onlinelibrary.wiley.com/doi/pdf/10.1002/ctm2.694},
year = {2022}
}

@article{rna_seq_teenage_years,
    author = {Stark R and Grzelak M and Hadfield J},
    title = {RNA sequencing: the teenage years},
    journal = {Nature Reviews Genetics},
    volume = {20},
    pages = {631-656},
    year = {2019}
}

@article{scDeepCluster,
    author = {Tian T and Wan J and Song Q and others},
    title = {Clustering single-cell RNA-seq data with a model-based deep learning approach},
    journal = {Nature Machine Intelligence},
    volume = {1},
    pages = {191-198},
    year = {2019},
    doi = {https://doi.org/10.1038/s42256-019-0037-0}
}

@article{SAIC,
    author = {Yang, Lu et al.},
    title = {SAIC: an iterative clustering approach for analysis of single cell RNA-seq data},
    journal = {BMC Genomics},
    volume = {18},
    pages = {689},
    year = {2017}
}

@article{clusters_for_taxonomy2,
    author = {Ziffra RS and Kim CN and Ross JM and others},
    title = {Single-cell epigenomics reveals mechanisms of human cortical development},
    journal = {Nature},
    volume = {598},
    pages = {205-213},
    year = {2021},
    doi = {https://doi.org/10.1038/s41586-021-03209-8}
}

@techreport{BWT,
  author = {Burrows, Michael and Wheeler, David J.},
  title = {A Block-sorting Lossless Data Compression Algorithm},
  institution = {Digital Equipment Corporation},
  year = {1994},
  number = {124},
  url = {https://www.hpl.hp.com/techreports/Compaq-DEC/SRC-RR-124.pdf}
}

@article{mtf-encoding,
  author = {Bentley, Jon Louis and Sleator, Daniel Dominic and Tarjan, Robert Endre and Wei, Victor K.},
  title = {A locally adaptive data compression scheme},
  journal = {Communications of the ACM},
  volume = {29},
  number = {4},
  pages = {320-330},
  year = {1986},
  doi = {10.1145/5684.5688}
}

@article{ScBlkCom,
  author = {Zhang, Y. and Wang, J. and Wang, Y. and Wang, J. and Li, Y.},
  title = {ScBlkCom: Block-based lossless compression of single-cell RNA-seq data},
  journal = {Bioinformatics},
  volume = {38},
  number = {22},
  pages = {5102-5108},
  year = {2022},
  doi = {10.1093/bioinformatics/btac635}
}

@misc{dataset,
  author = {Guo, X. and Zhang, Y. and Zheng, L. and others},
  title = {Global characterization of T cells in non-small-cell lung cancer by single-cell sequencing},
  year = {2018},
  howpublished = {Gene Expression Omnibus},
  note = {GEO accession GSE110686},
  url = {https://www.ncbi.nlm.nih.gov/geo/query/acc.cgi?acc=GSE110686}
}

@article{rle-bioinformatics,
  author = {Bonfield, James K. and Mahoney, Matthew V.},
  title = {Compression of FASTQ and SAM format sequencing data},
  journal = {PLoS ONE},
  volume = {8},
  number = {3},
  pages = {e59190},
  year = {2013},
  doi = {10.1371/journal.pone.0059190}
}